@article{martens2025dusa,
  author = {Martens, Chris and Simmons, Robert J. and Arntzenius, Michael},
  title = {Finite-Choice Logic Programming},
  year = {2025},
  issue_date = {January 2025},
  publisher = {Association for Computing Machinery},
  address = {New York, NY, USA},
  volume = {9},
  number = {POPL},
  url = {https://doi.org/10.1145/3704849},
  doi = {10.1145/3704849},
  journal = {Proc. ACM Program. Lang.},
  month = jan,
  articleno = {13},
  numpages = {29},
}

@article{ballantyne2024pearl,
  author = {Ballantyne, Michael and Gamburg, Mitch and Hemann, Jason},
  title = {Compiled, Extensible, Multi-language DSLs (Functional Pearl)},
  year = {2024},
  issue_date = {August 2024},
  publisher = {Association for Computing Machinery},
  address = {New York, NY, USA},
  volume = {8},
  number = {ICFP},
  url = {https://doi.org/10.1145/3674627},
  doi = {10.1145/3674627},
  journal = {Proc. ACM Program. Lang.},
  month = aug,
  articleno = {238},
  numpages = {24},
}